<?xml version="1.0" encoding="UTF-8"?><collection xmlns="http://www.loc.gov/MARC21/slim"><record><leader>00395nam--2200133-i-4500</leader><controlfield tag="001">000003066</controlfield><controlfield tag="002">20161230</controlfield><controlfield tag="005">20161230201025</controlfield><controlfield tag="008">060222s1000------------r-----000-0-eng-d</controlfield><datafield ind1=" " ind2=" " tag="100"><subfield code="a">Bartels, Hans</subfield></datafield><datafield ind1=" " ind2=" " tag="245"><subfield code="a">Grundlagen der verstarkertechnik. 4-te auflage</subfield></datafield><datafield ind1=" " ind2=" " tag="260"><subfield code="a">Stattgart, Hirzel Verlag, 1954 Xii + 279 P.+ Fig</subfield></datafield><datafield ind1=" " ind2=" " tag="490"><subfield code="a">Monographien Der Elektrischen Nachrichtentech Nik</subfield></datafield><datafield ind1=" " ind2=" " tag="852"><subfield code="a">12052</subfield></datafield></record></collection>